<record><leader>00000cas a2200000 a 4500</leader><controlfield tag="001">70680485</controlfield><controlfield tag="006">m     o  d        </controlfield><controlfield tag="007">cr anu||||||||</controlfield><controlfield tag="008">060724d18211835mauwr nso     0    0eng c</controlfield><datafield ind1=" " ind2=" " tag="010"><subfield code="a">  2008233759</subfield></datafield><datafield ind1=" " ind2=" " tag="040"><subfield code="a">APSON</subfield><subfield code="b">eng</subfield><subfield code="c">APSON</subfield><subfield code="d">APSON</subfield><subfield code="d">GUA</subfield><subfield code="d">DLC</subfield><subfield code="d">OCLCQ</subfield><subfield code="d">OCLCF</subfield><subfield code="d">OCLCE</subfield><subfield code="d">OCLCO</subfield><subfield code="d">OCLCQ</subfield></datafield><datafield ind1=" " ind2=" " tag="019"><subfield code="a">875193881</subfield><subfield code="a">875893616</subfield></datafield><datafield ind1=" " ind2=" " tag="042"><subfield code="a">pcc</subfield></datafield><datafield ind1=" " ind2=" " tag="043"><subfield code="a">n-us-ma</subfield></datafield><datafield ind1="1" ind2="4" tag="050"><subfield code="a">BX9801</subfield></datafield><datafield ind1="0" ind2=" " tag="130"><subfield code="a">Christian register (Boston, Mass. : 1821 : Online)</subfield></datafield><datafield ind1="1" ind2="0" tag="245"><subfield code="a">Christian register.</subfield></datafield><datafield ind1=" " ind2=" " tag="260"><subfield code="a">Boston :</subfield><subfield code="b">[publisher not identified],</subfield><subfield code="c">1821-1835.</subfield></datafield><datafield ind1=" " ind2=" " tag="310"><subfield code="a">Weekly</subfield></datafield><datafield ind1=" " ind2=" " tag="336"><subfield code="a">text</subfield><subfield code="b">txt</subfield><subfield code="2">rdacontent</subfield></datafield><datafield ind1=" " ind2=" " tag="337"><subfield code="a">computer</subfield><subfield code="b">c</subfield><subfield code="2">rdamedia</subfield></datafield><datafield ind1=" " ind2=" " tag="338"><subfield code="a">online resource</subfield><subfield code="b">cr</subfield><subfield code="2">rdacarrier</subfield></datafield><datafield ind1="0" ind2=" " tag="362"><subfield code="a">Vol. 1, no. 1 (Apr. 20, 1821)-v. 14, no. 46 (June 27, 1835).</subfield></datafield><datafield ind1=" " ind2=" " tag="500"><subfield code="a">Title from pdf caption (ProQuest APS Online, viewed May 16, 2008).</subfield></datafield><datafield ind1=" " ind2=" " tag="515"><subfield code="a">Issues for Jan. 5, 1833-June 27, 1835 called also whole no. 595-no. 724.</subfield></datafield><datafield ind1=" " ind2=" " tag="530"><subfield code="a">Also issued in print and on microfilm.</subfield></datafield><datafield ind1=" " ind2=" " tag="538"><subfield code="a">Mode of access: World Wide Web.</subfield></datafield><datafield ind1=" " ind2=" " tag="580"><subfield code="a">Merged with: Boston observer and religious intelligencer (Online); to form Christian register and Boston observer (Online).</subfield></datafield><datafield ind1=" " ind2="0" tag="650"><subfield code="a">Unitarianism</subfield><subfield code="v">Newspapers.</subfield></datafield><datafield ind1=" " ind2="0" tag="650"><subfield code="a">Christians</subfield><subfield code="z">Massachusetts</subfield><subfield code="v">Newspapers.</subfield></datafield><datafield ind1=" " ind2="0" tag="651"><subfield code="a">Boston (Mass.)</subfield><subfield code="v">Newspapers.</subfield></datafield><datafield ind1=" " ind2="0" tag="651"><subfield code="a">Suffolk County (Mass.)</subfield><subfield code="v">Newspapers.</subfield></datafield><datafield ind1=" " ind2="7" tag="650"><subfield code="a">Christians.</subfield><subfield code="2">fast</subfield><subfield code="0">(OCoLC)fst00859760</subfield></datafield><datafield ind1=" " ind2="7" tag="650"><subfield code="a">Unitarianism.</subfield><subfield code="2">fast</subfield><subfield code="0">(OCoLC)fst01161454</subfield></datafield><datafield ind1=" " ind2="7" tag="651"><subfield code="a">Massachusetts.</subfield><subfield code="2">fast</subfield><subfield code="0">(OCoLC)fst01204307</subfield></datafield><datafield ind1=" " ind2="7" tag="651"><subfield code="a">Massachusetts</subfield><subfield code="z">Boston.</subfield><subfield code="2">fast</subfield><subfield code="0">(OCoLC)fst01205012</subfield></datafield><datafield ind1=" " ind2="7" tag="651"><subfield code="a">Massachusetts</subfield><subfield code="z">Suffolk County.</subfield><subfield code="2">fast</subfield><subfield code="0">(OCoLC)fst01206189</subfield></datafield><datafield ind1=" " ind2="7" tag="655"><subfield code="a">Newspapers.</subfield><subfield code="2">fast</subfield><subfield code="0">(OCoLC)fst01423814</subfield></datafield><datafield ind1="2" ind2=" " tag="710"><subfield code="a">American Unitarian Association.</subfield></datafield><datafield ind1=" " ind2=" " tag="752"><subfield code="a">United States</subfield><subfield code="b">Massachusetts</subfield><subfield code="c">Suffolk</subfield><subfield code="d">Boston.</subfield></datafield><datafield ind1="1" ind2=" " tag="776"><subfield code="t">Christian register (Boston, Mass. : 1821)</subfield><subfield code="x">2158-155X</subfield><subfield code="w">(DLC)sn 88074043</subfield><subfield code="w">(OCoLC)2259304</subfield></datafield><datafield ind1="0" ind2="5" tag="780"><subfield code="t">Unitarian (Cambridge, Mass.)</subfield><subfield code="g">Jan. 1835</subfield></datafield><datafield ind1="1" ind2="7" tag="785"><subfield code="t">Boston observer and religious intelligencer (Online)</subfield></datafield><datafield ind1="1" ind2="7" tag="785"><subfield code="t">Christian register and Boston observer (Online)</subfield><subfield code="w">(DLC)  2008233760</subfield><subfield code="w">(OCoLC)70680516</subfield></datafield><datafield ind1="4" ind2="0" tag="856"><subfield code="3">Google, v.94 1915:Jan.-June</subfield><subfield code="u">http://books.google.com/books?id=6Ng_AQAAMAAJ</subfield></datafield><datafield ind1="4" ind2="0" tag="856"><subfield code="3">Google, v.93 1914:Jan.-June</subfield><subfield code="u">http://books.google.com/books?id=jNU_AQAAMAAJ</subfield></datafield><datafield ind1="4" ind2="0" tag="856"><subfield code="3">Google, v.90 1911:Jan.-June</subfield><subfield code="u">http://books.google.com/books?id=ON4_AQAAMAAJ</subfield></datafield><datafield ind1="4" ind2="0" tag="856"><subfield code="3">Google, v.99 1920:Jan.-June</subfield><subfield code="u">http://books.google.com/books?id=EM8_AQAAMAAJ</subfield></datafield><datafield ind1="4" ind2="0" tag="856"><subfield code="3">Google, v.90 1911:July-Dec.</subfield><subfield code="u">http://books.google.com/books?id=WNw_AQAAMAAJ</subfield></datafield><datafield ind1="4" ind2="0" tag="856"><subfield code="3">Google, v.91 1912:Jan.-June</subfield><subfield code="u">http://books.google.com/books?id=Cdw_AQAAMAAJ</subfield></datafield><datafield ind1="4" ind2="0" tag="856"><subfield code="3">Google, v.84 1905:July-Dec.</subfield><subfield code="u">http://books.google.com/books?id=H9o_AQAAMAAJ</subfield></datafield><datafield ind1="4" ind2="0" tag="856"><subfield code="3">Google, v.101 1922:July-Dec.</subfield><subfield code="u">http://books.google.com/books?id=Abc_AQAAMAAJ</subfield></datafield><datafield ind1="4" ind2="0" tag="856"><subfield code="3">Google, v.95 1916:July-Dec.</subfield><subfield code="u">http://books.google.com/books?id=H9U_AQAAMAAJ</subfield></datafield><datafield ind1="4" ind2="0" tag="856"><subfield code="3">Google, v.92 1913:Jan.-June</subfield><subfield code="u">http://books.google.com/books?id=M9o_AQAAMAAJ</subfield></datafield><datafield ind1="4" ind2="0" tag="856"><subfield code="3">Google, v.81 1902:July-Dec.</subfield><subfield code="u">http://books.google.com/books?id=D9s_AQAAMAAJ</subfield></datafield><datafield ind1="4" ind2="0" tag="856"><subfield code="3">Google, v.100 1921:July-Dec.</subfield><subfield code="u">http://books.google.com/books?id=odU_AQAAMAAJ</subfield></datafield><datafield ind1="4" ind2="0" tag="856"><subfield code="3">Google, v.87 1908:Jan.-June</subfield><subfield code="u">http://books.google.com/books?id=h9s_AQAAMAAJ</subfield></datafield><datafield ind1="4" ind2="0" tag="856"><subfield code="3">Google, v.95 1916:Jan.-June</subfield><subfield code="u">http://books.google.com/books?id=wtg_AQAAMAAJ</subfield></datafield><datafield ind1="4" ind2="0" tag="856"><subfield code="3">Google, v.88 1909:July-Dec.</subfield><subfield code="u">http://books.google.com/books?id=9ts_AQAAMAAJ</subfield></datafield><datafield ind1="4" ind2="0" tag="856"><subfield code="3">Google, v.85 1906:July-Dec.</subfield><subfield code="u">http://books.google.com/books?id=D90_AQAAMAAJ</subfield></datafield><datafield ind1="4" ind2="0" tag="856"><subfield code="3">Google, v.98 1919:July-Dec.</subfield><subfield code="u">http://books.google.com/books?id=-s8_AQAAMAAJ</subfield></datafield><datafield ind1="4" ind2="0" tag="856"><subfield code="3">Google, v.101 1922:Jan.-June</subfield><subfield code="u">http://books.google.com/books?id=LLc_AQAAMAAJ</subfield></datafield><datafield ind1="4" ind2="0" tag="856"><subfield code="3">Google, v.83 1904:July-Dec.</subfield><subfield code="u">http://books.google.com/books?id=Nc0_AQAAMAAJ</subfield></datafield><datafield ind1="4" ind2="0" tag="856"><subfield code="3">Google, v.85 1906:Jan.-June</subfield><subfield code="u">http://books.google.com/books?id=3dk_AQAAMAAJ</subfield></datafield><datafield ind1="4" ind2="0" tag="856"><subfield code="3">Google, v.83 1904:Jan.-June</subfield><subfield code="u">http://books.google.com/books?id=hdI_AQAAMAAJ</subfield></datafield><datafield ind1="4" ind2="0" tag="856"><subfield code="3">Google, v.97 1918:Jan.-June</subfield><subfield code="u">http://books.google.com/books?id=K80_AQAAMAAJ</subfield></datafield><datafield ind1="4" ind2="0" tag="856"><subfield code="3">Google, v.88 1909:Jan.-June</subfield><subfield code="u">http://books.google.com/books?id=1tw_AQAAMAAJ</subfield></datafield><datafield ind1="4" ind2="0" tag="856"><subfield code="3">Google, v.99 1920:July-Dec.</subfield><subfield code="u">http://books.google.com/books?id=ntg_AQAAMAAJ</subfield></datafield><datafield ind1="4" ind2="0" tag="856"><subfield code="3">Google, v.82 1903:Jan.-June</subfield><subfield code="u">http://books.google.com/books?id=uto_AQAAMAAJ</subfield></datafield><datafield ind1="4" ind2="0" tag="856"><subfield code="3">Google, v.86 1907:Jan.-June</subfield><subfield code="u">http://books.google.com/books?id=rtw_AQAAMAAJ</subfield></datafield><datafield ind1="4" ind2="0" tag="856"><subfield code="3">Google, v.94 1915:July-Dec.</subfield><subfield code="u">http://books.google.com/books?id=mNk_AQAAMAAJ</subfield></datafield><datafield ind1="4" ind2="0" tag="856"><subfield code="3">Google, v.96 1917:Jan.-June</subfield><subfield code="u">http://books.google.com/books?id=mNQ_AQAAMAAJ</subfield></datafield><datafield ind1="4" ind2="0" tag="856"><subfield code="3">Google, v.82 1903:July-Dec.</subfield><subfield code="u">http://books.google.com/books?id=N80_AQAAMAAJ</subfield></datafield><datafield ind1="4" ind2="0" tag="856"><subfield code="3">Google, v.96 1917:July-Dec.</subfield><subfield code="u">http://books.google.com/books?id=HdM_AQAAMAAJ</subfield></datafield><datafield ind1="4" ind2="0" tag="856"><subfield code="3">Google, v.81 1902:Jan.-June</subfield><subfield code="u">http://books.google.com/books?id=k9o_AQAAMAAJ</subfield></datafield><datafield ind1="4" ind2="0" tag="856"><subfield code="3">Google, v.97 1918:July-Dec.</subfield><subfield code="u">http://books.google.com/books?id=09s_AQAAMAAJ</subfield></datafield><datafield ind1="4" ind2="0" tag="856"><subfield code="3">Google, v.91 1912:July-Dec.</subfield><subfield code="u">http://books.google.com/books?id=B98_AQAAMAAJ</subfield></datafield><datafield ind1="4" ind2="0" tag="856"><subfield code="3">Google, v.87 1908:July-Dec.</subfield><subfield code="u">http://books.google.com/books?id=M9s_AQAAMAAJ</subfield></datafield><datafield ind1="4" ind2="0" tag="856"><subfield code="3">Google, v.93 1914:July-Dec.</subfield><subfield code="u">http://books.google.com/books?id=YdU_AQAAMAAJ</subfield></datafield><datafield ind1="4" ind2="0" tag="856"><subfield code="3">Google, v.92 1913:July-Dec.</subfield><subfield code="u">http://books.google.com/books?id=XNs_AQAAMAAJ</subfield></datafield><datafield ind1="4" ind2="0" tag="856"><subfield code="3">Google, v.98 1919:Jan.-June</subfield><subfield code="u">http://books.google.com/books?id=jts_AQAAMAAJ</subfield></datafield><datafield ind1="4" ind2="0" tag="856"><subfield code="3">Google, v.86 1907:July-Dec.</subfield><subfield code="u">http://books.google.com/books?id=u9I_AQAAMAAJ</subfield></datafield><datafield ind1="4" ind2="0" tag="856"><subfield code="3">Google, v.89 1910:Jan.-June</subfield><subfield code="u">http://books.google.com/books?id=wds_AQAAMAAJ</subfield></datafield><datafield ind1="4" ind2="0" tag="856"><subfield code="3">Google, v.89 1910:July-Dec.</subfield><subfield code="u">http://books.google.com/books?id=kd4_AQAAMAAJ</subfield></datafield><datafield ind1="4" ind2="0" tag="856"><subfield code="3">Google, v.84 1905:Jan.-June</subfield><subfield code="u">http://books.google.com/books?id=-84_AQAAMAAJ</subfield></datafield><datafield ind1="4" ind2="0" tag="856"><subfield code="3">Google, v.100 1921:Jan.-June</subfield><subfield code="u">http://books.google.com/books?id=Wtg_AQAAMAAJ</subfield></datafield><datafield ind1="4" ind2="0" tag="856"><subfield code="3">HathiTrust Digital Library, Full view</subfield><subfield code="u">http://catalog.hathitrust.org/api/volumes/oclc/2259304.html</subfield></datafield><datafield ind1="4" ind2="0" tag="856"><subfield code="u">http://gateway.proquest.com/openurl?url_ver=Z39.88-2004&amp;res_dat=xri:pqd::hnp&amp;rft_val_fmt=info:ofi/fmt:kev:mtx:journal&amp;rft_dat=xri:pqd:PMID=41126</subfield></datafield></record>